@book{Clancy1986,
  author    = {L. J. Clancy},
  title     = {Aerodynamics},
  year      = {1986},
  publisher = {Pitman Publishing},
  address   = {London, UK},
  url       = {https://archive.org/details/aerodynamics0000clan}
}

@misc{BSI_HearingProtectors,
  author    = {{British Standards Institution}},
  title     = {Hearing Protectors – General Requirements – Earplugs},
  year      = {2020},
  publisher = {BSI Group},
  url       = {https://knowledge.bsigroup.com/products/hearing-protectors-general-requirements-earplugs}
}

